@article{le2017global,
  title   = {Global carbon budget 2017},
  journal = {Earth System Science Data Discussions},
  volume  = {10},
  number  = {},
  pages   = {405-448},
  year    = {2017},
  doi     = {10.5194/essd-2017-123},
  author  = {Le Qu{\'e}r{\'e}, Corinne and Andrew, Robbie M and Friedlingstein, Pierre and Sitch, Stephen and Pongratz, Julia and Manning, Andrew C and Korsbakken, Jan Ivar and Peters, Glen P and Canadell, Josep G and Jackson, Robert B and others}
}

@article{houghton2017global,
  title={Global and regional fluxes of carbon from land use and land cover change 1850--2015},
  author={Houghton, RA and Nassikas, Alexander A},
  journal={Global Biogeochemical Cycles},
  volume={31},
  number={3},
  pages={456--472},
  year={2017},
  publisher={Wiley Online Library}
}

@article{foley2005global,
  title={Global consequences of land use},
  author={Foley, Jonathan A and DeFries, Ruth and Asner, Gregory P and Barford, Carol and Bonan, Gordon and Carpenter, Stephen R and Chapin, F Stuart and Coe, Michael T and Daily, Gretchen C and Gibbs, Holly K and others},
  journal={Science},
  volume={309},
  number={5734},
  pages={570--574},
  year={2005},
  publisher={American Association for the Advancement of Science}
}

@article{ballantyne2017accelerating,
  title={Accelerating net terrestrial carbon uptake during the warming hiatus due to reduced respiration},
  author={Ballantyne, Ashley and Smith, William and Anderegg, William and Kauppi, Pekka and Sarmiento, Jorge and Tans, Pieter and Shevliakova, Elena and Pan, Yude and Poulter, Benjamin and Anav, Alessandro and others},
  journal={Nature Climate Change},
  volume={7},
  number={2},
  pages={148},
  year={2017},
  publisher={Nature Publishing Group}
}

@article{melillo2017long,
  title={Long-term pattern and magnitude of soil carbon feedback to the climate system in a warming world},
  author={Melillo, Jerry M and Frey, Serita D and Deangelis, Kristen M and Werner, William J and Bernard, Michael J and Bowles, Francis P and Pold, Grace and Knorr, Melissa A and Grandy, A Stuart},
  journal={Science},
  volume={358},
  number={6359},
  pages={101--105},
  year={2017},
  publisher={American Association for the Advancement of Science}
}

@article{ballantyne2012increase,
  title={Increase in observed net carbon dioxide uptake by land and oceans during the past 50 years},
  author={Ballantyne, AP and Alden, CB and Miller, JB and Tans, PP and White, JWC},
  journal={Nature},
  volume={488},
  number={7409},
  pages={70},
  year={2012},
  publisher={Nature Publishing Group}
}

@article{pries2017whole,
  title={The whole-soil carbon flux in response to warming},
  author={Pries, Caitlin E Hicks and Castanha, C and Porras, RC and Torn, MS},
  journal={Science},
  volume={355},
  number={6332},
  pages={1420--1423},
  year={2017},
  publisher={American Association for the Advancement of Science}
}

@article{mann2017influence,
  title={Influence of anthropogenic climate change on planetary wave resonance and extreme weather events},
  author={Mann, Michael E and Rahmstorf, Stefan and Kornhuber, Kai and Steinman, Byron A and Miller, Sonya K and Coumou, Dim},
  journal={Scientific Reports},
  volume={7},
  pages={45242},
  year={2017},
  publisher={Nature Publishing Group}
}

@article{kurz2008mountain,
  title={Mountain pine beetle and forest carbon feedback to climate change},
  author={Kurz, Werner A and Dymond, CC and Stinson, Graham and Rampley, GJ and Neilson, ET and Carroll, AL and Ebata, Tim and Safranyik, L},
  journal={Nature},
  volume={452},
  number={7190},
  pages={987},
  year={2008},
  publisher={Nature Publishing Group}
}

@article{cssrNca4,
  title={Climate science special report: Fourth National Climate Assessment},
  author={Hibbard, K. A., Hoffman, F. M., Huntzinger, D. & West, T. O.},
  eds={Wuebbles, D. J. et al.},
  journal={},
  volume={},
  number={},
  pages={},
  year={2018},
  publisher={U.S. Global Change Research Program}
}

@misc{us_climate_alliance,
  url={https://www.usclimatealliance.org},
  author={{U.S. Climate Alliance}},
  title={US Climate Alliance},
  year={2018},
  misc={Accessed: 28 April 2018}
}

@misc{arb2017_scoping,
  url={https://www.arb.ca.gov/cc/scopingplan/scoping_plan_2017.pdf},
  author={{California Air Resources Board}},
  title={California’s 2017 Climate Change Scoping Plan},
  year={2017},
  misc={Accessed: 28 April 2018},
  pages={132}
}

@article{swain2018increasing,
  title={Increasing precipitation volatility in twenty-first-century California},
  author={Swain, Daniel L and Langenbrunner, Baird and Neelin, J David and Hall, Alex},
  journal={Nature Climate Change},
  volume={8},
  number={5},
  pages={427},
  year={2018},
  publisher={Nature Publishing Group}
}

@article{stephens2018drought,
  title={Drought, tree mortality, and wildfire in forests adapted to frequent fire},
  author={Stephens, Scott L and Collins, Brandon M and Fettig, Christopher J and Finney, Mark A and Hoffman, Chad M and Knapp, Eric E and North, Malcolm P and Safford, Hugh and Wayman, Rebecca B},
  journal={BioScience},
  volume={68},
  number={2},
  pages={77--88},
  year={2018},
  publisher={Oxford University Press}
}

@article{cook2015unprecedented,
  title={Unprecedented 21st century drought risk in the American Southwest and Central Plains},
  author={Cook, Benjamin I and Ault, Toby R and Smerdon, Jason E},
  journal={Science Advances},
  volume={1},
  number={1},
  pages={e1400082},
  year={2015},
  publisher={American Association for the Advancement of Science}
}

@article{diffenbaugh2015anthropogenic,
  title={Anthropogenic warming has increased drought risk in California},
  author={Diffenbaugh, Noah S and Swain, Daniel L and Touma, Danielle},
  journal={Proceedings of the National Academy of Sciences},
  pages={201422385},
  year={2015},
  publisher={National Acad Sciences}
}

@article{cvijanovic2017future,
  title={Future loss of Arctic sea-ice cover could drive a substantial decrease in California’s rainfall},
  author={Cvijanovic, Ivana and Santer, Benjamin D and Bonfils, C{\'e}line and Lucas, Donald D and Chiang, John CH and Zimmerman, Susan},
  journal={Nature communications},
  volume={8},
  number={1},
  pages={1947},
  year={2017},
  publisher={Nature Publishing Group}
}

@article{abatzoglou2016impact,
  title={Impact of anthropogenic climate change on wildfire across western US forests},
  author={Abatzoglou, John T and Williams, A Park},
  journal={Proceedings of the National Academy of Sciences},
  volume={113},
  number={42},
  pages={11770--11775},
  year={2016},
  publisher={National Acad Sciences}
}

@article{crockett2018greater,
  title={Greater temperature and precipitation extremes intensify Western US droughts, wildfire severity, and Sierra Nevada tree mortality},
  author={Crockett, Joseph L and Westerling, A Leroy},
  journal={Journal of Climate},
  volume={31},
  number={1},
  pages={341--354},
  year={2018}
}

@article{pierce2014statistical,
  title={Statistical downscaling using localized constructed analogs (LOCA)},
  author={Pierce, David W and Cayan, Daniel R and Thrasher, Bridget L},
  journal={Journal of Hydrometeorology},
  volume={15},
  number={6},
  pages={2558--2585},
  year={2014}
}
@misc{bedsworth2017,
  title={Projected climate scenarios selected to represent a range of possible futures in California},
  author={Bedsworth, L. and Anderson, J. and Franco, G. and Anderson, M. and  Wilhelm, S.},
  journal={Climate Action Team Research Working Group},
  publisher={California Energy Commission},
  misc={Docket Number 16-IEPR-04, TN# 215798},
  year={2017},
  url={https://efiling.energy.ca.gov/GetDocument.aspx?tn=215798}
}

@article{sleeter2017future,
  title={Future scenarios of land change based on empirical data and demographic trends},
  author={Sleeter, Benjamin M. and Wilson, Tamara S and Sharygin, Ethan and Sherba, Jason T},
  journal={Earth's Future},
  volume={5},
  number={11},
  pages={1068--1083},
  year={2017},
  publisher={Wiley Online Library}
}

@article{sleeter2018effects,
  title={Effects of contemporary land-use and land-cover change on the carbon balance of terrestrial ecosystems in the United States},
  author={Sleeter, Benjamin M. and Liu, Jinxun and Daniel, Colin and Rayfield, Bronwyn and Sherba, Jason and Hawbaker, Todd J and Zhu, Zhiliang and Selmants, Paul C and Loveland, Thomas R},
  journal={Environmental Research Letters},
  volume={13},
  number={4},
  pages={045006},
  year={2018},
  publisher={IOP Publishing}
}

@article{daniel2018integrating,
  title={Integrating continuous stocks and flows into state-and-transition simulation models of landscape change},
  author={Daniel, Colin J and Sleeter, Benjamin M and Frid, Leonardo and Fortin, Marie-Jos{\'e}e},
  journal={Methods in Ecology and Evolution},
  volume={9},
  number={4},
  pages={1133--1143},
  year={2018},
  publisher={Wiley Online Library}
}

@article{allen2015underestimation,
  title={On underestimation of global vulnerability to tree mortality and forest die-off from hotter drought in the Anthropocene},
  author={Allen, Craig D and Breshears, David D and McDowell, Nate G},
  journal={Ecosphere},
  volume={6},
  number={8},
  pages={1--55},
  year={2015},
  publisher={Wiley Online Library}
}

@article{wilson2016future,
  title={Future land-use related water demand in California},
  author={Wilson, Tamara S and Sleeter, Benjamin M and Cameron, D Richard},
  journal={Environmental Research Letters},
  volume={11},
  number={5},
  pages={054018},
  year={2016},
  publisher={IOP Publishing}
}

@article{sleeter2017projecting,
  title={Projecting community changes in hazard exposure to support long-term risk reduction: A case study of tsunami hazards in the US Pacific Northwest},
  author={Sleeter, Benjamin M and Wood, Nathan J and Soulard, Christopher E and Wilson, Tamara S},
  journal={International journal of disaster risk reduction},
  volume={22},
  pages={10--22},
  year={2017},
  publisher={Elsevier}
}

@article{zhao2005improvements,
  title={Improvements of the MODIS terrestrial gross and net primary production global data set},
  author={Zhao, Maosheng and Heinsch, Faith Ann and Nemani, Ramakrishna R and Running, Steven W},
  journal={Remote sensing of Environment},
  volume={95},
  number={2},
  pages={164--176},
  year={2005},
  publisher={Elsevier}
}

@article{potter2010carbon,
  title={The carbon budget of California},
  author={Potter, Christopher},
  journal={environmental science \& policy},
  volume={13},
  number={5},
  pages={373--383},
  year={2010},
  publisher={Elsevier}
}

@article{wilson2013imputing,
  title={Imputing forest carbon stock estimates from inventory plots to a nationally continuous coverage},
  author={Wilson, Barry Tyler and Woodall, Christopher W and Griffith, Douglas M},
  journal={Carbon balance and management},
  volume={8},
  number={1},
  pages={1},
  year={2013},
  publisher={Springer}
}

@article{blackard2008mapping,
  title={Mapping US forest biomass using nationwide forest inventory data and moderate resolution information},
  author={Blackard, JA and Finco, MV and Helmer, EH and Holden, GR and Hoppus, ML and Jacobs, DM and Lister, AJ and Moisen, GG and Nelson, MD and Riemann, R and others},
  journal={Remote sensing of Environment},
  volume={112},
  number={4},
  pages={1658--1677},
  year={2008},
  publisher={Elsevier}
}

@article{mokany2006critical,
  title={Critical analysis of root: shoot ratios in terrestrial biomes},
  author={Mokany, Karel and Raison, R John and Prokushkin, Anatoly S},
  journal={Global Change Biology},
  volume={12},
  number={1},
  pages={84--96},
  year={2006},
  publisher={Wiley Online Library}
}

@article{gonzalez2015aboveground,
  title={Aboveground live carbon stock changes of California wildland ecosystems, 2001--2010},
  author={Gonzalez, Patrick and Battles, John J and Collins, Brandon M and Robards, Timothy and Saah, David S},
  journal={Forest Ecology and Management},
  volume={348},
  pages={68--77},
  year={2015},
  publisher={Elsevier}
}

@article{anderegg2015pervasive,
  title={Pervasive drought legacies in forest ecosystems and their implications for carbon cycle models},
  author={Anderegg, William RL and Schwalm, Christopher and Biondi, Franco and Camarero, Jes{\'u}s Julio and Koch, George and Litvak, Marcy and Ogle, Kiona and Shaw, John D and Shevliakova, E and Williams, AP and others},
  journal={Science},
  volume={349},
  number={6247},
  pages={528--532},
  year={2015},
  publisher={American Association for the Advancement of Science}
}

@article{daniel2016state,
  title={State-and-transition simulation models: a framework for forecasting landscape change},
  author={Daniel, Colin J and Frid, Leonardo and Sleeter, Benjamin M and Fortin, Marie-Jos{\'e}e},
  journal={Methods in Ecology and Evolution},
  volume={7},
  number={11},
  pages={1413--1423},
  year={2016},
  publisher={Wiley Online Library}
}

@article{prism2011prism,
  title={{PRISM climate data}},
  author={{PRISM Climate Group, Oregon State University}},
  year={2016},
  url={ http://prism.oregonstate.edu},
  accessed={21 November 2016}
}

@article{stine1994extreme,
  title={Extreme and persistent drought in California and Patagonia during mediaeval time},
  author={Stine, Scott},
  journal={Nature},
  volume={369},
  number={6481},
  pages={546},
  year={1994},
  publisher={Nature Publishing Group}
}

@article{kurz2009cbm,
  title={CBM-CFS3: a model of carbon-dynamics in forestry and land-use change implementing IPCC standards},
  author={Kurz, WA and Dymond, CC and White, TM and Stinson, G and Shaw, CH and Rampley, GJ and Smyth, C and Simpson, BN and Neilson, ET and Trofymow, JA and others},
  journal={Ecological modelling},
  volume={220},
  number={4},
  pages={480--504},
  year={2009},
  publisher={Elsevier}
}

@article{pries2017whole,
  title={The whole-soil carbon flux in response to warming},
  author={Pries, Caitlin E Hicks and Castanha, C and Porras, RC and Torn, MS},
  journal={Science},
  volume={355},
  number={6332},
  pages={1420--1423},
  year={2017},
  publisher={American Association for the Advancement of Science}
}

@article{anderegg2015pervasive,
  title={Pervasive drought legacies in forest ecosystems and their implications for carbon cycle models},
  author={Anderegg, William RL and Schwalm, Christopher and Biondi, Franco and Camarero, Jes{\'u}s Julio and Koch, George and Litvak, Marcy and Ogle, Kiona and Shaw, John D and Shevliakova, E and Williams, AP and others},
  journal={Science},
  volume={349},
  number={6247},
  pages={528--532},
  year={2015},
  publisher={American Association for the Advancement of Science}
}

@article{sleeter2017carbon,
  title={A carbon balance model for the great dismal swamp ecosystem},
  author={Sleeter, Rachel and Sleeter, Benjamin M and Williams, Brianna and Hogan, Dianna and Hawbaker, Todd and Zhu, Zhiliang},
  journal={Carbon balance and management},
  volume={12},
  number={1},
  pages={2},
  year={2017},
  publisher={Nature Publishing Group}
}

@article{selmants2017baseline,
  title={Baseline and projected future carbon storage and carbon fluxes in ecosystems of Hawai ‘i},
  author={Selmants, PC and Giardina, CP and Jacobi, JD and Zhu, Zhiliang},
  journal={US Geological Survey Professional Paper 1834. Reston, VA: US Department of the Interior, US Geological Survey. 134 p.},
  volume={1834},
  year={2017}
}

@article{sleeter2015integrated,
  title={An integrated approach to modeling changes in land use, land cover, and disturbance and their impact on ecosystem carbon dynamics: a case study in the Sierra Nevada Mountains of California},
  author={Sleeter, Benjamin M and Liu, Jinxun and Daniel, Colin and Frid, Leonardo and Zhu, Zhiliang},
  journal={AIMS Environ Sci},
  volume={2},
  number={3},
  pages={577--606},
  year={2015}
}

@article{del2008global,
  title={Global potential net primary production predicted from vegetation class, precipitation, and temperature},
  author={Del Grosso, Stephen and Parton, William and Stohlgren, Thomas and Zheng, Daolan and Bachelet, Dominique and Prince, Stephen and Hibbard, Kathy and Olson, Richard},
  journal={Ecology},
  volume={89},
  number={8},
  pages={2117--2126},
  year={2008},
  publisher={Wiley Online Library}
}

@article{cleveland2015comparison,
  title={A comparison of plot-based satellite and Earth system model estimates of tropical forest net primary production},
  author={Cleveland, Cory C and Taylor, Philip and Chadwick, K Dana and Dahlin, Kyla and Doughty, Christopher E and Malhi, Yadvinder and Smith, W Kolby and Sullivan, Benjamin W and Wieder, William R and Townsend, Alan R},
  journal={Global Biogeochemical Cycles},
  volume={29},
  number={5},
  pages={626--644},
  year={2015},
  publisher={Wiley Online Library}
}

@article{smith2016large,
  title={Large divergence of satellite and Earth system model estimates of global terrestrial CO 2 fertilization},
  author={Smith, W Kolby and Reed, Sasha C and Cleveland, Cory C and Ballantyne, Ashley P and Anderegg, William RL and Wieder, William R and Liu, Yi Y and Running, Steven W},
  journal={Nature Climate Change},
  volume={6},
  number={3},
  pages={306},
  year={2016},
  publisher={Nature Publishing Group}
}

@article{reich2014plant,
  title={Plant growth enhancement by elevated CO2 eliminated by joint water and nitrogen limitation},
  author={Reich, Peter B and Hobbie, Sarah E and Lee, Tali D},
  journal={Nature Geoscience},
  volume={7},
  number={12},
  pages={920},
  year={2014},
  publisher={Nature Publishing Group}
}

@article{obermeier2017reduced,
  title={Reduced CO2 fertilization effect in temperate C3 grasslands under more extreme weather conditions},
  author={Obermeier, WA and Lehnert, LW and Kammann, CI and M{\"u}ller, C and Gr{\"u}nhage, L and Luterbacher, J and Erbs, M and Moser, G and Seibert, R and Yuan, N and others},
  journal={Nature Climate Change},
  volume={7},
  number={2},
  pages={137},
  year={2017},
  publisher={Nature Publishing Group}
}

@article{eidenshink2007project,
  title={A project for monitoring trends in burn severity},
  author={Eidenshink, Jeff and Schwind, Brian and Brewer, Ken and Zhu, Zhi-Liang and Quayle, Brad and Howard, Stephen},
  journal={Fire ecology},
  volume={3},
  number={1},
  pages={3--21},
  year={2007},
  publisher={Springer}
}

@article{landfire2014disturbance,
  title={{Annual Disturbance Layer 1.1.4}},
  author={{US Geological Survey (USGS) LandFire Program}},
  accessed={28 April, 2018},
  year={2014},
  url={http://landfire.cr.usgs.gov}
}

@article{network2016protected,
  title={{Protected Areas Database of the United States (PAD-US) version 1.4}},
  author={{US Geological Survey (USGS) Gap Analysis Program (GAP)}},
  year={2016},
  url={https://gapanalysis.usgs.gov/padus/}
}

@article{calfire2018frap,
  title={{Fire Perimeters}},
  author={{CalFIRE}},
  year={2016},
  url={http://frap.cdf.ca.gov/data/frapgisdata/select.asp}
}

@article{aerial2016survey,
  title={2017 Aerial Survey Results: California},
  author={Moore, Jeffrey and McAfee, Loren and Iaccarino, Jennifer},
  journal={United States Department of Agriculture (USDA)},
  pages={1--18},
  year={2018},
  publisher={Springer},
  url={https://www.fs.usda.gov/Internet/FSE_DOCUMENTS/fseprd583288.pdf}
}

@article{westerlingwildfire,
  title={Wildfire Simulations For California’s Fourth Climate Change Assessment: Projecting changes in extreme wildfire events with a warming climate},
  author={Westerling, Anthony Leroy},
  year={2018},
  url={http://www.climateassessment.ca.gov/techreports/docs/20180827-Projections_CCCA4-CEC-2018-014.pdf}
}

@article{vicente2010multiscalar,
  title={A multiscalar drought index sensitive to global warming: the standardized precipitation evapotranspiration index},
  author={Vicente-Serrano, Sergio M and Beguera, Santiago and Lopez-Moreno, Juan I},
  journal={Journal of climate},
  volume={23},
  number={7},
  pages={1696--1718},
  year={2010}
}

@article{hengl2014soilgrids1km,
  title={SoilGrids1km—global soil information based on automated mapping},
  author={Hengl, Tomislav and de Jesus, Jorge Mendes and MacMillan, Robert A and Batjes, Niels H and Heuvelink, Gerard BM and Ribeiro, Eloi and Samuel-Rosa, Alessandro and Kempen, Bas and Leenaars, Johan GB and Walsh, Markus G and others},
  journal={PloS one},
  volume={9},
  number={8},
  pages={e105992},
  year={2014},
  publisher={Public Library of Science}
}

@article{hengl2017soilgrids250m,
  title={SoilGrids250m: Global gridded soil information based on machine learning},
  author={Hengl, Tomislav and de Jesus, Jorge Mendes and Heuvelink, Gerard BM and Gonzalez, Maria Ruiperez and Kilibarda, Milan and Blagoti{\'c}, Aleksandar and Shangguan, Wei and Wright, Marvin N and Geng, Xiaoyuan and Bauer-Marschallinger, Bernhard and others},
  journal={PLoS one},
  volume={12},
  number={2},
  pages={e0169748},
  year={2017},
  publisher={Public Library of Science}
}

@article{ramcharan2018soil,
  title={Soil property and class maps of the conterminous United States at 100-meter spatial resolution},
  author={Ramcharan, Amanda and Hengl, Tomislav and Nauman, Travis and Brungard, Colby and Waltman, Sharon and Wills, Skye and Thompson, James},
  journal={Soil Science Society of America Journal},
  year={2018},
  publisher={The Soil Science Society of America, Inc.}
}

@article{tifafi2018large,
  title={Large differences in global and regional total soil carbon stock estimates based on SoilGrids, HWSD, and NCSCD: Intercomparison and evaluation based on field data from USA, England, Wales, and France},
  author={Tifafi, Marwa and Guenet, Bertrand and Hatt{\'e}, Christine},
  journal={Global Biogeochemical Cycles},
  volume={32},
  number={1},
  pages={42--56},
  year={2018},
  publisher={Wiley Online Library}
}

@article{omernik1987ecoregions,
  title={Ecoregions of the conterminous United States},
  author={Omernik, James M},
  journal={Annals of the Association of American geographers},
  volume={77},
  number={1},
  pages={118--125},
  year={1987},
  publisher={Wiley Online Library}
}

@article{boryan2011monitoring,
  title={Monitoring US agriculture: the US department of agriculture, national agricultural statistics service, cropland data layer program},
  author={Boryan, Claire and Yang, Zhengwei and Mueller, Rick and Craig, Mike},
  journal={Geocarto International},
  volume={26},
  number={5},
  pages={341--358},
  year={2011},
  publisher={Taylor \& Francis}
}

@article{homer2015completion,
  title={Completion of the 2011 National Land Cover Database for the conterminous United States--representing a decade of land cover change information},
  author={Homer, Collin and Dewitz, Jon and Yang, Limin and Jin, Suming and Danielson, Patrick and Xian, George and Coulston, John and Herold, Nathaniel and Wickham, James and Megown, Kevin},
  journal={Photogrammetric Engineering \& Remote Sensing},
  volume={81},
  number={5},
  pages={345--354},
  year={2015},
  publisher={American Society for Photogrammetry and Remote Sensing}
}

@article{statecrop2017mapping,
  title={{Statewide crop mapping 2014}},
  author={{California Department of Water Resources}},
  year={2017},
  url={https://gis.water.ca.gov/app/CADWRLandUseViewer/},
  accessed={28 April 2018}
}

@article{badgley2017canopy,
  title={Canopy near-infrared reflectance and terrestrial photosynthesis},
  author={Badgley, Grayson and Field, Christopher B and Berry, Joseph A},
  journal={Science advances},
  volume={3},
  number={3},
  pages={e1602244},
  year={2017},
  publisher={American Association for the Advancement of Science}
}

@article{chander2009summary,
  title={Summary of current radiometric calibration coefficients for Landsat MSS, TM, ETM+, and EO-1 ALI sensors},
  author={Chander, Gyanesh and Markham, Brian L and Helder, Dennis L},
  journal={Remote sensing of environment},
  volume={113},
  number={5},
  pages={893--903},
  year={2009},
  publisher={Elsevier}
}

@article{gesch2002national,
  title={The national elevation dataset},
  author={Gesch, Dean and Oimoen, Michael and Greenlee, Susan and Nelson, Charles and Steuck, Michael and Tyler, Dean},
  journal={Photogrammetric engineering and remote sensing},
  volume={68},
  number={1},
  pages={5--32},
  year={2002},
  publisher={ASPRS AMERICAN SOCIETY FOR PHOTOGRAMMETRY AND}
}

@article{candel2016deep,
  title={Deep learning with H2O},
  author={Candel, Arno and Parmar, Viraj and LeDell, Erin and Arora, Anisha},
  journal={H2O. ai Inc},
  year={2016}
}

@article{ohmann2011mapping,
  title={Mapping gradients of community composition with nearest-neighbour imputation: extending plot data for landscape analysis},
  author={Ohmann, Janet L and Gregory, Matthew J and Henderson, Emilie B and Roberts, Heather M},
  journal={Journal of Vegetation Science},
  volume={22},
  number={4},
  pages={660--676},
  year={2011},
  publisher={Wiley Online Library}
}

@article{lemma2018gnn,
  title={{GNN Structure (Species-Size) Maps}},
  author={{Landscape Ecology, Modeling, Mapping, and Analysis (LEMMA)}},
  year={2018},
  url={https://lemma.forestry.oregonstate.edu/data/structure-maps},
  accessed={28 April 2018}
}

@article{goward2012nacp,
  title={NACP North American Forest Dynamics Project: Forest Disturbance and Regrowth Data},
  author={Goward, SN and Huang, C and Masek, JG and Cohen, WB and Moisen, GG and Schleeweis, K},
  journal={ORNL DAAC},
  year={2012}
}

@article{pierce2016creating,
  title={Creating Climate Projections to Support the 4th California Climate Assessment},
  author={Pierce, David W and Cayan, Daniel R and Dehann, Lauren},
  journal={California Energy Commission, Climate Action Team Research Working Group, Docket Number 16-IEPR-04, TN# 211805},
  year={2016}
}

@article{bedsworth2017projected,
  title={Projected climate scenarios selected to represent a range of possible futures in California},
  author={Bedsworth, L. and Anderson, J. and Franco, G. and Anderson, M. and Wilhelm, S.},
  journal={California Energy Commission, Climate Action Team Research Working Group, Docket Number 16-IEPR-04, TN# 215798},
  year={2017}
}

@article{fargione2018natural,
  title={Natural climate solutions for the United States},
  author={Fargione, Joseph E and Bassett, Steven and Boucher, Timothy and Bridgham, Scott D and Conant, Richard T and Cook-Patton, Susan C and Ellis, Peter W and Falcucci, Alessandra and Fourqurean, James W and Gopalakrishna, Trisha and others},
  journal={Science advances},
  volume={4},
  number={11},
  pages={eaat1869},
  year={2018},
  publisher={American Association for the Advancement of Science}
}

@article{cameron2017ecosystem,
  title={Ecosystem management and land conservation can substantially contribute to California’s climate mitigation goals},
  author={Cameron, D Richard and Marvin, David C and Remucal, Jonathan M and Passero, Michelle C},
  journal={Proceedings of the National Academy of Sciences},
  volume={114},
  number={48},
  pages={12833--12838},
  year={2017},
  publisher={National Acad Sciences}
}

@article{griscom2017natural,
  title={Natural climate solutions},
  author={Griscom, Bronson W and Adams, Justin and Ellis, Peter W and Houghton, Richard A and Lomax, Guy and Miteva, Daniela A and Schlesinger, William H and Shoch, David and Siikam{\"a}ki, Juha V and Smith, Pete and others},
  journal={Proceedings of the National Academy of Sciences},
  volume={114},
  number={44},
  pages={11645--11650},
  year={2017},
  publisher={National Acad Sciences}
}

@article{houghton2015role,
  title={A role for tropical forests in stabilizing atmospheric CO 2},
  author={Houghton, RA and Byers, Brett and Nassikas, Alexander A},
  journal={Nature Climate Change},
  volume={5},
  number={12},
  pages={1022},
  year={2015},
  publisher={Nature Publishing Group}
}

@article{foley2005global,
  title={Global consequences of land use},
  author={Foley, Jonathan A and DeFries, Ruth and Asner, Gregory P and Barford, Carol and Bonan, Gordon and Carpenter, Stephen R and Chapin, F Stuart and Coe, Michael T and Daily, Gretchen C and Gibbs, Holly K and others},
  journal={science},
  volume={309},
  number={5734},
  pages={570--574},
  year={2005},
  publisher={American Association for the Advancement of Science}
}

@incollection{usgcrp2018soccr2,
  title={{Second State of the Carbon Cycle Report (SOCCR2): A Sustained Assessment Report}},
  author={USGCRP},
  editor={Cavallaro, N and G. Shrestha and R. Birdsey and M.A. Mayes and R.G. Najjar and S.C. Reed and P. Romero-Lankao and Z. Zhu},
  address={Washington, DC},
  pages={878},
  year={2018}
}

@incollection{usgcrp2017climate,
  title={Climate Science Special Report: Fourth National Climate Assessment, Volume I},
  author={USGCRP},
  editor={Wuebbles, DJ and Fahey, DW and Hibbard, KA and Dokken, BC and Stewart, BC and Maycock, TK},
  address={Washington, DC},
  pages={470},
  year={2017}
}

@article{galarraga2017climate,
  title={Climate policy at the sub-national level},
  author={Galarraga, Ibon and de Murieta, Elisa Sainz and Fran{\c{c}}a, Joan},
  journal={Trends in Climate Change Legislation},
  pages={143},
  year={2017},
  publisher={Edward Elgar Publishing}
}

@article{arb2018inventory,
  title={California Greenhouse Gas Emission Inventory - 2018 Edition},
  author={{California Air Resources Board}},
  month={November},
  year={2018},
  howpublished={https://www.arb.ca.gov/cc/inventory/data/data.htm}
}

@article{zaehle2007projected,
  title={Projected changes in terrestrial carbon storage in Europe under climate and land-use change, 1990--2100},
  author={Zaehle, S{\"o}nke and Bondeau, Alberte and Carter, Timothy R and Cramer, Wolfgang and Erhard, Markus and Prentice, I Colin and Reginster, I and Rounsevell, Mark DA and Sitch, Stephen and Smith, Benjamin and others},
  journal={Ecosystems},
  volume={10},
  number={3},
  pages={380--401},
  year={2007},
  publisher={Springer}
}

@article{williams2015contribution,
  title={Contribution of anthropogenic warming to California drought during 2012--2014},
  author={Williams, A Park and Seager, Richard and Abatzoglou, John T and Cook, Benjamin I and Smerdon, Jason E and Cook, Edward R},
  journal={Geophysical Research Letters},
  volume={42},
  number={16},
  pages={6819--6828},
  year={2015},
  publisher={Wiley Online Library}
}

@article{diffenbaugh2015anthropogenic,
  title={Anthropogenic warming has increased drought risk in California},
  author={Diffenbaugh, Noah S and Swain, Daniel L and Touma, Danielle},
  journal={Proceedings of the National Academy of Sciences},
  pages={201422385},
  year={2015},
  publisher={National Acad Sciences}
}

@article{robeson2015revisiting,
  title={Revisiting the recent California drought as an extreme value},
  author={Robeson, Scott M},
  journal={Geophysical Research Letters},
  volume={42},
  number={16},
  pages={6771--6779},
  year={2015},
  publisher={Wiley Online Library}
}

@article{berg2015increased,
  title={Increased interannual precipitation extremes over California under climate change},
  author={Berg, Neil and Hall, Alex},
  journal={Journal of Climate},
  volume={28},
  number={16},
  pages={6324--6334},
  year={2015}
}

@article{swain2014extraordinary,
  title={The extraordinary California drought of 2013/2014: Character, context, and the role of climate change},
  author={Swain, Daniel L and Tsiang, Michael and Haugen, Matz and Singh, Deepti and Charland, Allison and Rajaratnam, Bala and Diffenbaugh, Noah S},
  journal={Bull. Am. Meteorol. Soc},
  volume={95},
  number={9},
  pages={S3--S7},
  year={2014},
  publisher={Citeseer}
}

@article{cook2015unprecedented,
  title={Unprecedented 21st century drought risk in the American Southwest and Central Plains},
  author={Cook, Benjamin I and Ault, Toby R and Smerdon, Jason E},
  journal={Science Advances},
  volume={1},
  number={1},
  pages={e1400082},
  year={2015},
  publisher={American Association for the Advancement of Science}
}

@article{shukla2015temperature,
  title={Temperature impacts on the water year 2014 drought in California},
  author={Shukla, Shraddhanand and Safeeq, Mohammad and AghaKouchak, Amir and Guan, Kaiyu and Funk, Chris},
  journal={Geophysical Research Letters},
  volume={42},
  number={11},
  pages={4384--4393},
  year={2015},
  publisher={Wiley Online Library}
}



@article{christensen2016california,
  title={California's forest resources: Forest Inventory and Analysis, 2001--2010},
  author={Christensen, Glenn A and Waddell, Karen L and Stanton, Sharon M and Kuegler, Olaf},
  journal={Gen. Tech. Rep. PNW-GTR-913. Portland, OR: US Department of Agriculture, Forest Service, Pacific Northwest Research Station. 293 p.},
  volume={913},
  year={2016}
}

@article{mciver2015california,
  title={California's forest products industry and timber harvest, 2012},
  author={McIver, Chelsea P and Meek, Joshua P and Scudder, Micah G and Sorenson, Colin B and Morgan, Todd A and Christensen, Glenn A},
  journal={Gen. Tech. Rep. PNW-GTR-908. Portland, OR: US Department of Agriculture, Forest Service, Pacific Northwest Research Station. 49 p.},
  volume={908},
  year={2015}
}


@article{norby2005forest,
  title={Forest response to elevated CO2 is conserved across a broad range of productivity},
  author={Norby, Richard J and DeLucia, Evan H and Gielen, Birgit and Calfapietra, Carlo and Giardina, Christian P and King, John S and Ledford, Joanne and McCarthy, Heather R and Moore, David JP and Ceulemans, Reinhart and others},
  journal={Proceedings of the National Academy of Sciences},
  volume={102},
  number={50},
  pages={18052--18056},
  year={2005},
  publisher={National Acad Sciences}
}

@article{norby2010co2,
  title={CO2 enhancement of forest productivity constrained by limited nitrogen availability},
  author={Norby, Richard J and Warren, Jeffrey M and Iversen, Colleen M and Medlyn, Belinda E and McMurtrie, Ross E},
  journal={Proceedings of the National Academy of Sciences},
  volume={107},
  number={45},
  pages={19368--19373},
  year={2010},
  publisher={National Acad Sciences}
}

@article{thorne2017impact,
  title={The impact of climate change uncertainty on California's vegetation and adaptation management},
  author={Thorne, James H and Choe, Hyeyeong and Boynton, Ryan M and Bjorkman, Jacquelyn and Albright, Whitney and Nydick, Koren and Flint, Alan L and Flint, Lorraine E and Schwartz, Mark W},
  journal={Ecosphere},
  volume={8},
  number={12},
  year={2017},
  publisher={Wiley Online Library}
}

@article{franks2013sensitivity,
  title={Sensitivity of plants to changing atmospheric CO2 concentration: from the geological past to the next century},
  author={Franks, Peter J and Adams, Mark A and Amthor, Jeffrey S and Barbour, Margaret M and Berry, Joseph A and Ellsworth, David S and Farquhar, Graham D and Ghannoum, Oula and Lloyd, Jon and McDowell, Nate and others},
  journal={New Phytologist},
  volume={197},
  number={4},
  pages={1077--1094},
  year={2013},
  publisher={Wiley Online Library}
}

@article{smith2013plant,
  title={Plant respiration and photosynthesis in global-scale models: incorporating acclimation to temperature and CO2},
  author={Smith, Nicholas G and Dukes, Jeffrey S},
  journal={Global Change Biology},
  volume={19},
  number={1},
  pages={45--63},
  year={2013},
  publisher={Wiley Online Library}
}

@article{reich2006nitrogen,
  title={Nitrogen limitation constrains sustainability of ecosystem response to CO 2},
  author={Reich, Peter B and Hobbie, Sarah E and Lee, Tali and Ellsworth, David S and West, Jason B and Tilman, David and Knops, Johannes MH and Naeem, Shahid and Trost, Jared},
  journal={Nature},
  volume={440},
  number={7086},
  pages={922},
  year={2006},
  publisher={Nature Publishing Group}
}

@article{zhu2016greening,
  title={Greening of the Earth and its drivers},
  author={Zhu, Zaichun and Piao, Shilong and Myneni, Ranga B and Huang, Mengtian and Zeng, Zhenzhong and Canadell, Josep G and Ciais, Philippe and Sitch, Stephen and Friedlingstein, Pierre and Arneth, Almut and others},
  journal={Nature Climate Change},
  volume={6},
  number={8},
  pages={791--795},
  year={2016},
  publisher={Nature Research}
}

@article{smith2016large,
  title={Large divergence of satellite and Earth system model estimates of global terrestrial CO 2 fertilization},
  author={Smith, W Kolby and Reed, Sasha C and Cleveland, Cory C and Ballantyne, Ashley P and Anderegg, William RL and Wieder, William R and Liu, Yi Y and Running, Steven W},
  journal={Nature Climate Change},
  volume={6},
  number={3},
  pages={306},
  year={2016},
  publisher={Nature Publishing Group}
}

@article{walker2015predicting,
  title={Predicting long-term carbon sequestration in response to CO2 enrichment: How and why do current ecosystem models differ?},
  author={Walker, Anthony P and Zaehle, S{\"o}nke and Medlyn, Belinda E and De Kauwe, Martin G and Asao, Shinichi and Hickler, Thomas and Parton, William and Ricciuto, Daniel M and Wang, Ying-Ping and W{\aa}rlind, David and others},
  journal={Global Biogeochemical Cycles},
  volume={29},
  number={4},
  pages={476--495},
  year={2015},
  publisher={Wiley Online Library}
}

@article{turner2006evaluation,
  title={Evaluation of MODIS NPP and GPP products across multiple biomes},
  author={Turner, David P and Ritts, William D and Cohen, Warren B and Gower, Stith T and Running, Steve W and Zhao, Maosheng and Costa, Marcos H and Kirschbaum, Al A and Ham, Jay M and Saleska, Scott R and others},
  journal={Remote Sensing of Environment},
  volume={102},
  number={3-4},
  pages={282--292},
  year={2006},
  publisher={Elsevier}
}

@article{hwang2008evaluating,
  title={Evaluating drought effect on MODIS Gross Primary Production (GPP) with an eco-hydrological model in the mountainous forest, East Asia},
  author={Hwang, Taehee and Kang, Sinkyu and Kim, Joon and Kim, Youngil and Lee, Dowon and Band, Lawrence},
  journal={Global change biology},
  volume={14},
  number={5},
  pages={1037--1056},
  year={2008},
  publisher={Wiley Online Library}
}

@article{porcar2014linking,
  title={Linking chlorophyll a fluorescence to photosynthesis for remote sensing applications: mechanisms and challenges},
  author={Porcar-Castell, Albert and Tyystj{\"a}rvi, Esa and Atherton, Jon and Van der Tol, Christiaan and Flexas, Jaume and Pf{\"u}ndel, Erhard E and Moreno, Jose and Frankenberg, Christian and Berry, Joseph A},
  journal={Journal of experimental botany},
  volume={65},
  number={15},
  pages={4065--4095},
  year={2014},
  publisher={Oxford University Press UK}
}

@article{he2016satellite,
  title={Satellite detection of soil moisture related water stress impacts on ecosystem productivity using the MODIS-based photochemical reflectance index},
  author={He, Mingzhu and Kimball, John S and Running, Steven and Ballantyne, Ashley and Guan, Kaiyu and Huemmrich, Fred},
  journal={Remote Sensing of Environment},
  volume={186},
  pages={173--183},
  year={2016},
  publisher={Elsevier}
}

@article{verma2015improving,
  title={Improving the performance of remote sensing models for capturing intra-and inter-annual variations in daily GPP: An analysis using global FLUXNET tower data},
  author={Verma, Manish and Friedl, Mark A and Law, Bevery E and Bonal, Damien and Kiely, G{\'e}rard and Black, T Andrew and Wohlfahrt, Georg and Moors, Eddy J and Montagnani, Leonardo and Marcolla, Barbara and others},
  journal={Agricultural and forest meteorology},
  volume={214},
  pages={416--429},
  year={2015},
  publisher={Elsevier}
}

@incollection{zhao_modis,
	address = {New York},
	title = {{MODIS}-derived terrestrial primary production},
	booktitle = {Land remote sensing and global environmental change},
	publisher = {Springer},
	author = {Zhao, M and Running, S and Heinsch, FA and Nemani, R},
	editor = {Ramachandran, B and Justice, CO and Abrams, MA},
	pages = {635--660}
}

@article{olson2013npp,
  title={NPP Multi-Biome: NPP and Driver Data for Ecosystem Model-Data Intercomparison, R2},
  author={Olson, RJ and Scurlock, JMO and Prince, SD and Zheng, DL and Johnson, KR},
  journal={ORNL DAAC},
  year={2013}
}

@article{reinhardt1997first,
  title={First order fire effects model: FOFEM 4.0, user's guide},
  author={Reinhardt, Elizabeth D and Keane, Robert E and Brown, James K},
  journal={Gen. Tech. Rep. INT-GTR-344. Ogden, UT: US Department of Agriculture, Forest Service, Intermountain Research Station. 65 p.},
  volume={344},
  year={1997}
}

@article{arb2018prelimfire,
  title={Preliminary Estimates of Fire Emissions, 2000-2017},
  author={{California Air Resources Board}},
  month={March},
  year={2019},
  howpublished={https://www.arb.ca.gov/cc/inventory/sectors/forest/wildfire.htm}
}

@article{de2016satellite,
  title={Satellite based estimates underestimate the effect of CO 2 fertilization on net primary productivity},
  author={De Kauwe, Martin G and Keenan, Trevor F and Medlyn, Belinda E and Prentice, I Colin and Terrer, Cesar},
  journal={Nature Climate Change},
  volume={6},
  number={10},
  pages={892},
  year={2016},
  publisher={Nature Publishing Group}
}

@article{gregory2009quantifying,
  title={Quantifying carbon cycle feedbacks},
  author={Gregory, Jonathan Michael and Jones, CD and Cadule, P and Friedlingstein, P},
  journal={Journal of Climate},
  volume={22},
  number={19},
  pages={5232--5250},
  year={2009}
}

@article{arora2013carbon,
  title={Carbon--concentration and carbon--climate feedbacks in CMIP5 Earth system models},
  author={Arora, Vivek K and Boer, George J and Friedlingstein, Pierre and Eby, Michael and Jones, Chris D and Christian, James R and Bonan, Gordon and Bopp, Laurent and Brovkin, Victor and Cadule, Patricia and others},
  journal={Journal of Climate},
  volume={26},
  number={15},
  pages={5289--5314},
  year={2013}
}

@article{friedlingstein2014uncertainties,
  title={Uncertainties in CMIP5 climate projections due to carbon cycle feedbacks},
  author={Friedlingstein, Pierre and Meinshausen, Malte and Arora, Vivek K and Jones, Chris D and Anav, Alessandro and Liddicoat, Spencer K and Knutti, Reto},
  journal={Journal of Climate},
  volume={27},
  number={2},
  pages={511--526},
  year={2014}
}

@article{sitch2008evaluation,
  title={Evaluation of the terrestrial carbon cycle, future plant geography and climate-carbon cycle feedbacks using five Dynamic Global Vegetation Models (DGVMs)},
  author={Sitch, Stephen and Huntingford, C and Gedney, N and Levy, PE and Lomas, M and Piao, SL and Betts, R and Ciais, P and Cox, P and Friedlingstein, P and others},
  journal={Global Change Biology},
  volume={14},
  number={9},
  pages={2015--2039},
  year={2008},
  publisher={Wiley Online Library}
}

@article{piao2013evaluation,
  title={Evaluation of terrestrial carbon cycle models for their response to climate variability and to CO2 trends},
  author={Piao, Shilong and Sitch, Stephen and Ciais, Philippe and Friedlingstein, Pierre and Peylin, Philippe and Wang, Xuhui and Ahlstr{\"o}m, Anders and Anav, Alessandro and Canadell, Josep G and Cong, Nan and others},
  journal={Global change biology},
  volume={19},
  number={7},
  pages={2117--2132},
  year={2013},
  publisher={Wiley Online Library}
}

@article{zaehle2014evaluation,
  title={Evaluation of 11 terrestrial carbon--nitrogen cycle models against observations from two temperate F ree-A ir CO 2 E nrichment studies},
  author={Zaehle, S{\"o}nke and Medlyn, Belinda E and De Kauwe, Martin G and Walker, Anthony P and Dietze, Michael C and Hickler, Thomas and Luo, Yiqi and Wang, Ying-Ping and El-Masri, Bassil and Thornton, Peter and others},
  journal={New Phytologist},
  volume={202},
  number={3},
  pages={803--822},
  year={2014},
  publisher={Wiley Online Library}
}

@article{de2016satellite,
  title={Satellite based estimates underestimate the effect of CO 2 fertilization on net primary productivity},
  author={De Kauwe, Martin G and Keenan, Trevor F and Medlyn, Belinda E and Prentice, I Colin and Terrer, Cesar},
  journal={Nature Climate Change},
  volume={6},
  number={10},
  pages={892},
  year={2016},
  publisher={Nature Publishing Group}
}

@article{sleeter2019effects,
  title={Effects of 21st-century climate, land use, and disturbances on ecosystem carbon balance in California},
  author={Sleeter, Benjamin M and Marvin, David C and Cameron, D Richard and Selmants, Paul C and Westerling, A LeRoy and Kreitler, Jason and Daniel, Colin J and Liu, Jinxun and Wilson, Tamara S},
  journal={Global change biology},
  volume={25},
  number={10},
  pages={3334--3353},
  year={2019},
  publisher={Wiley Online Library}
}

@article{Ruefenacht2008foresttypes,
title = {Conterminous U.S. and Alaska Forest Type Mapping Using Forest Inventory and Analysis Data},
author = {Ruefenacht, B. and Finco, M.V. and Nelson, M.D. and Czaplewski, R. and Helmer, E.H. and Blackard, J.A. and Holden, G.R. and Lister, A.J. and Salajanu, D. and Weyermann, D. and Winterberger, K.},
journal = {Photogrammetric Engineering \& Remote Sensing},
issn = {0099-1112},
doi = {10.14358/pers.74.11.1379},
pages = {1379--1388},
number = {11},
volume = {74},
year = {2008}
}
